@misc{goodfellow2014generative,
      title={Generative Adversarial Networks}, 
      author={Ian J. Goodfellow and Jean Pouget-Abadie and Mehdi Mirza and Bing Xu and David Warde-Farley and Sherjil Ozair and Aaron Courville and Yoshua Bengio},
      year={2014},
      eprint={1406.2661},
      archivePrefix={arXiv},
      primaryClass={stat.ML}
}
@misc{mirza2014conditional,
      title={Conditional Generative Adversarial Nets}, 
      author={Mehdi Mirza and Simon Osindero},
      year={2014},
      eprint={1411.1784},
      archivePrefix={arXiv},
      primaryClass={cs.LG}
}
@misc{karras2019stylebased,
      title={A Style-Based Generator Architecture for Generative Adversarial Networks}, 
      author={Tero Karras and Samuli Laine and Timo Aila},
      year={2019},
      eprint={1812.04948},
      archivePrefix={arXiv},
      primaryClass={cs.NE}
}
@misc{radford2016unsupervised,
      title={Unsupervised Representation Learning with Deep Convolutional Generative Adversarial Networks}, 
      author={Alec Radford and Luke Metz and Soumith Chintala},
      year={2016},
      eprint={1511.06434},
      archivePrefix={arXiv},
      primaryClass={cs.LG}
}
@misc{arjovsky2017wasserstein,
      title={Wasserstein GAN}, 
      author={Martin Arjovsky and Soumith Chintala and Léon Bottou},
      year={2017},
      eprint={1701.07875},
      archivePrefix={arXiv},
      primaryClass={stat.ML}
}
@article{Dallaire_Demers_2018,
   title={Quantum generative adversarial networks},
   volume={98},
   ISSN={2469-9934},
   url={http://dx.doi.org/10.1103/PhysRevA.98.012324},
   DOI={10.1103/physreva.98.012324},
   number={1},
   journal={Physical Review A},
   publisher={American Physical Society (APS)},
   author={Dallaire-Demers, Pierre-Luc and Killoran, Nathan},
   year={2018},
   month={Jul}
}

@article{Benedetti_2019,
   title={Adversarial quantum circuit learning for pure state approximation},
   volume={21},
   ISSN={1367-2630},
   url={http://dx.doi.org/10.1088/1367-2630/ab14b5},
   DOI={10.1088/1367-2630/ab14b5},
   number={4},
   journal={New Journal of Physics},
   publisher={IOP Publishing},
   author={Benedetti, Marcello and Grant, Edward and Wossnig, Leonard and Severini, Simone},
   year={2019},
   month={Apr},
   pages={043023}
}
@article{Preskill_2018,
   title={Quantum Computing in the NISQ era and beyond},
   volume={2},
   ISSN={2521-327X},
   url={http://dx.doi.org/10.22331/q-2018-08-06-79},
   DOI={10.22331/q-2018-08-06-79},
   journal={Quantum},
   publisher={Verein zur Forderung des Open Access Publizierens in den Quantenwissenschaften},
   author={Preskill, John},
   year={2018},
   month={Aug},
   pages={79}
}

@article{Zoufal_2019,
   title={Quantum Generative Adversarial Networks for learning and loading random distributions},
   volume={5},
   ISSN={2056-6387},
   url={http://dx.doi.org/10.1038/s41534-019-0223-2},
   DOI={10.1038/s41534-019-0223-2},
   number={1},
   journal={npj Quantum Information},
   publisher={Springer Science and Business Media LLC},
   author={Zoufal, Christa and Lucchi, Aurélien and Woerner, Stefan},
   year={2019},
   month={Nov}
}

@misc{depalma2020quantum,
      title={The quantum Wasserstein distance of order 1}, 
      author={Giacomo De Palma and Milad Marvian and Dario Trevisan and Seth Lloyd},
      year={2020},
      eprint={2009.04469},
      archivePrefix={arXiv},
      primaryClass={quant-ph}
}
@misc{kiani2021quantum,
      title={Quantum Earth Mover's Distance: A New Approach to Learning Quantum Data}, 
      author={Bobak Toussi Kiani and Giacomo De Palma and Milad Marvian and Zi-Wen Liu and Seth Lloyd},
      year={2021},
      eprint={2101.03037},
      archivePrefix={arXiv},
      primaryClass={quant-ph}
}
@misc{salimans2016improved,
      title={Improved Techniques for Training GANs}, 
      author={Tim Salimans and Ian Goodfellow and Wojciech Zaremba and Vicki Cheung and Alec Radford and Xi Chen},
      year={2016},
      eprint={1606.03498},
      archivePrefix={arXiv},
      primaryClass={cs.LG}
}
@misc{arjovsky2017principled,
      title={Towards Principled Methods for Training Generative Adversarial Networks}, 
      author={Martin Arjovsky and Léon Bottou},
      year={2017},
      eprint={1701.04862},
      archivePrefix={arXiv},
      primaryClass={stat.ML}
}
@inproceedings{narayanan2010proceedings,
      author = {Narayanan, Hariharan and Mitter, Sanjoy},
      title = {Sample Complexity of Testing the Manifold Hypothesis},
      year = {2010},
      publisher = {Curran Associates Inc.},
      address = {Red Hook, NY, USA},
      booktitle = {Proceedings of the 23rd International Conference on Neural Information Processing Systems - Volume 2},
      pages = {1786–1794},
      numpages = {9},
      location = {Vancouver, British Columbia, Canada},
      series = {NIPS'10}
}
@inbook{villani@optimal,
      author = {Villani, Cédric},
      year = {2008},
      month = {01},
      pages = {xxii+973},
      title = {Optimal transport -- Old and new},
      volume = {338},
      doi = {10.1007/978-3-540-71050-9}
}
@misc{gulrajani2017improved,
      title={Improved Training of Wasserstein GANs}, 
      author={Ishaan Gulrajani and Faruk Ahmed and Martin Arjovsky and Vincent Dumoulin and Aaron Courville},
      year={2017},
      eprint={1704.00028},
      archivePrefix={arXiv},
      primaryClass={cs.LG}
}
@misc{bharti2021noisy,
      title={Noisy intermediate-scale quantum (NISQ) algorithms}, 
      author={Kishor Bharti and Alba Cervera-Lierta and Thi Ha Kyaw and Tobias Haug and Sumner Alperin-Lea and Abhinav Anand and Matthias Degroote and Hermanni Heimonen and Jakob S. Kottmann and Tim Menke and Wai-Keong Mok and Sukin Sim and Leong-Chuan Kwek and Alán Aspuru-Guzik},
      year={2021},
      eprint={2101.08448},
      archivePrefix={arXiv},
      primaryClass={quant-ph}
}
@article{Schuld_2020,
   title={Circuit-centric quantum classifiers},
   volume={101},
   ISSN={2469-9934},
   url={http://dx.doi.org/10.1103/PhysRevA.101.032308},
   DOI={10.1103/physreva.101.032308},
   number={3},
   journal={Physical Review A},
   publisher={American Physical Society (APS)},
   author={Schuld, Maria and Bocharov, Alex and Svore, Krysta M. and Wiebe, Nathan},
   year={2020},
   month={Mar}
}
@misc{smith2020crossing,
      title={Crossing a topological phase transition with a quantum computer}, 
      author={Adam Smith and Bernhard Jobst and Andrew G. Green and Frank Pollmann},
      year={2020},
      eprint={1910.05351},
      archivePrefix={arXiv},
      primaryClass={cond-mat.str-el}
}
@misc{kingma2017adam,
      title={Adam: A Method for Stochastic Optimization}, 
      author={Diederik P. Kingma and Jimmy Ba},
      year={2017},
      eprint={1412.6980},
      archivePrefix={arXiv},
      primaryClass={cs.LG}
}
@misc{carlen2012analog,
      title={An Analog of the 2-Wasserstein Metric in Non-commutative Probability under which the Fermionic Fokker-Planck Equation is Gradient Flow for the Entropy}, 
      author={Eric A. Carlen and Jan Maas},
      year={2012},
      eprint={1203.5377},
      archivePrefix={arXiv},
      primaryClass={math.FA}
}
@misc{chen2016matrix,
      title={Matrix Optimal Mass Transport: A Quantum Mechanical Approach}, 
      author={Yongxin Chen and Tryphon T. Georgiou and Allen Tannenbaum},
      year={2016},
      eprint={1610.03041},
      archivePrefix={arXiv},
      primaryClass={math-ph}
}
@inbook{chen2018Wasserstein,
      author = {Chen, Yongxin and Georgiou, Tryphon and Tannenbaum, Allen},
      year = {2018},
      month = {01},
      pages = {139-150},
      title = {Wasserstein Geometry of Quantum States and Optimal Transport of Matrix-Valued Measures},
      isbn = {978-3-319-67067-6},
      doi = {10.1007/978-3-319-67068-3_10}
}

@misc{ning2013matrixvalued,
      title={Matrix-valued Monge-Kantorovich Optimal Mass Transport}, 
      author={Lipeng Ning and Tryphon T. Georgiou and Allen Tannenbaum},
      year={2013},
      eprint={1304.3931},
      archivePrefix={arXiv},
      primaryClass={cs.SY}
}
@misc{peyré2017quantum,
      title={Quantum Optimal Transport for Tensor Field Processing}, 
      author={Gabriel Peyré and Lenaïc Chizat and François-Xavier Vialard and Justin Solomon},
      year={2017},
      eprint={1612.08731},
      archivePrefix={arXiv},
      primaryClass={cs.GR}
}
@misc{golse2021quantum,
      title={Quantum optimal transport is cheaper}, 
      author={François Golse and Emanuele Caglioti and Thierry Paul},
      year={2021},
      eprint={1908.01829},
      archivePrefix={arXiv},
      primaryClass={math.AP}
}
@article{Golse_2016,
   title={On the Mean Field and Classical Limits of Quantum Mechanics},
   volume={343},
   ISSN={1432-0916},
   url={http://dx.doi.org/10.1007/s00220-015-2485-7},
   DOI={10.1007/s00220-015-2485-7},
   number={1},
   journal={Communications in Mathematical Physics},
   publisher={Springer Science and Business Media LLC},
   author={Golse, François and Mouhot, Clément and Paul, Thierry},
   year={2016},
   month={Jan},
   pages={165–205}
}
@misc{yu2019quantum,
      title={Quantum Earth mover's distance, No-go Quantum Kantorovich-Rubinstein theorem, and Quantum Marginal Problem}, 
      author={Nengkun Yu and Li Zhou and Shenggang Ying and Mingsheng Ying},
      year={2019},
      eprint={1803.02673},
      archivePrefix={arXiv},
      primaryClass={quant-ph}
}



@misc{chakrabarti2019quantum,
      title={Quantum Wasserstein Generative Adversarial Networks}, 
      author={Shouvanik Chakrabarti and Yiming Huang and Tongyang Li and Soheil Feizi and Xiaodi Wu},
      year={2019},
      eprint={1911.00111},
      archivePrefix={arXiv},
      primaryClass={quant-ph}
}
@misc{kiani2021quantum,
      title={Quantum Earth Mover's Distance: A New Approach to Learning Quantum Data}, 
      author={Bobak Toussi Kiani and Giacomo De Palma and Milad Marvian and Zi-Wen Liu and Seth Lloyd},
      year={2021},
      eprint={2101.03037},
      archivePrefix={arXiv},
      primaryClass={quant-ph}
}
@book{10.5555/548834,
author = {Bertsimas, Dimitris and Tsitsiklis, John},
title = {Introduction to Linear Optimization},
year = {1997},
isbn = {1886529191},
publisher = {Athena Scientific},
edition = {1st}
}